<?xml version="1.0" encoding="UTF-8"?><collection xmlns="http://www.loc.gov/MARC21/slim"><record><leader>00439nam--2200145-i-4500</leader><controlfield tag="001">000006534</controlfield><controlfield tag="002">20161230</controlfield><controlfield tag="005">20170114220814</controlfield><controlfield tag="008">060222s1000------------r-----000-0-eng-d</controlfield><datafield ind1=" " ind2=" " tag="100"><subfield code="a">Chadwick, James  Sir</subfield></datafield><datafield ind1=" " ind2=" " tag="245"><subfield code="a">The collected papers of Lord Rutherford of Nelson. Published under the scientific direction</subfield></datafield><datafield ind1=" " ind2=" " tag="260"><subfield code="a">London</subfield><subfield code="b">George Allen Und Unwin Ltd</subfield><subfield code="c">1962</subfield></datafield><datafield ind1=" " ind2=" " tag="300"><subfield code="a">590 p</subfield></datafield><datafield ind1=" " ind2=" " tag="700"><subfield code="a">Haar, Ter D</subfield></datafield><datafield ind1=" " ind2=" " tag="CAT"><subfield code="a">SYS</subfield><subfield code="c">20170114</subfield><subfield code="h">220814</subfield></datafield></record></collection>